11111111111111111111111111111111111111111111111111111111111111111111111111111111111111111111111111111111111111111111111111111111111111111111111111111111111111111111111111111111111111111111111111111111111111111111111111111111111111111111111111111111111111111111111111111111111111111111111111111111111111111111111111111111111111111111111111111111111111111111111111111111111111111111111111111111111111111111111111111111111111111111111111
2222222222222222222222222222222222222222222222
33333333333333333333333333333333333333333333333333333
4444444444444444444444444444444444444444444444444444444
5
6
7
8
9
10
11
12
13
14
15
16
17
18
19
20
